<?xml version="1.0" encoding="UTF-8"?><collection xmlns="http://www.loc.gov/MARC21/slim"><record><leader>00352nam--2200121-i-4500</leader><controlfield tag="001">000037659</controlfield><controlfield tag="002">20161230</controlfield><controlfield tag="005">20161230201041</controlfield><controlfield tag="008">060222s1000------------r-----000-0-eng-d</controlfield><datafield ind1=" " ind2=" " tag="080"><subfield code="a">061.6(01:436)</subfield></datafield><datafield ind1=" " ind2=" " tag="245"><subfield code="a">Projekte und publikationen 1956-1975</subfield></datafield><datafield ind1=" " ind2=" " tag="260"><subfield code="a">Vien, Osterreichische Studiengesellsschaft Fur Atomenergie Ges.M.B.H.,1976 346 P</subfield></datafield><datafield ind1=" " ind2=" " tag="852"><subfield code="a">D.2075</subfield></datafield></record></collection>